@misc{bazel,
  title        = {Bazel},
  url          = {https://bazel.build/},
  organization = {Bazel}
}

@misc{a2017_webrtc,
  title        = {WebRTC Home | WebRTC},
  url          = {https://webrtc.org/},
  year         = {2017},
  organization = {Webrtc.org}
}

@misc{webgpu,
  title        = {WebGPU},
  url          = {https://www.w3.org/TR/webgpu/},
  organization = {www.w3.org}
}

@misc{git_2019_git,
  author       = {Git},
  title        = {Git},
  url          = {https://git-scm.com/},
  year         = {2019},
  organization = {Git-scm.com}
}

@misc{github_2023_github,
  author       = {GitHub},
  title        = {GitHub},
  url          = {https://github.com/},
  year         = {2023},
  organization = {GitHub}
}

@misc{atlassian_2019_jira,
  author       = {Atlassian},
  title        = {Jira Cloud},
  url          = {https://www.atlassian.com/software/jira},
  year         = {2019},
  organization = {Atlassian}
}

@misc{apache,
  title        = {Apache Ant - Welcome},
  url          = {https://ant.apache.org/},
  organization = {ant.apache.org}
}

@misc{a2023,
  url          = {https://vcpkg.io/},
  urldate      = {2023-07-17},
  year         = {2023},
  organization = {Vcpkg.io}
}

@misc{a2018_cmake,
  title        = {CMake},
  url          = {https://cmake.org/},
  year         = {2018},
  organization = {Cmake.org}
}

@misc{dawn,
  title        = {dawn - Git at Google},
  url          = {https://dawn.googlesource.com/dawn},
  organization = {dawn.googlesource.com}
}

@misc{a2023_wgpunative,
  month        = {07},
  title        = {wgpu-native},
  url          = {https://github.com/gfx-rs/wgpu-native},
  urldate      = {2023-07-17},
  year         = {2023},
  organization = {GitHub}
}

@misc{core,
  title        = {Core Language (GLSL) - OpenGL Wiki},
  url          = {https://www.khronos.org/opengl/wiki/Core_Language_(GLSL)},
  organization = {www.khronos.org}
}

@misc{a2014_spir,
  month        = {01},
  title        = {SPIR - The Industry Open Standard Intermediate Language for Parallel Compute and Graphics},
  url          = {https://www.khronos.org/spir/},
  urldate      = {2023-07-17},
  year         = {2014},
  organization = {The Khronos Group}
}

@misc{stevewhims_highlevel,
  author       = {stevewhims},
  title        = {High-level shader language (HLSL) - Win32 apps},
  url          = {https://learn.microsoft.com/en-us/windows/win32/direct3dhlsl/dx-graphics-hlsl},
  organization = {learn.microsoft.com}
}

@misc{open3d,
  title = {Open3D â€“ A Modern Library for 3D Data Processing},
  url   = {http://www.open3d.org/}
}